<?xml version="1.0" encoding="UTF-8" standalone="no"?><searchRetrieveResponse xmlns="http://www.loc.gov/zing/srw/">
  <version>1.2</version>
  <numberOfRecords>10</numberOfRecords>
  <records>
    <record>
      <recordSchema>marcxml</recordSchema>
      <recordPacking>xml</recordPacking>
      <recordData>
        <record xmlns="http://www.loc.gov/MARC21/slim">
          <leader>00665ngm a22002055a 4500</leader>
          <controlfield tag="001">991010834659208651</controlfield>
          <controlfield tag="008">251007s1986    xx |          000 m|und d</controlfield>
          <datafield ind1=" " ind2=" " tag="099">
            <subfield code="a">007506-1</subfield>
          </datafield>
          <datafield ind1="0" ind2="0" tag="245">
            <subfield code="a">Blue Velvet</subfield>
            <subfield code="h">[motion picture].</subfield>
          </datafield>
          <datafield ind1=" " ind2="3" tag="264">
            <subfield code="c">1986.</subfield>
          </datafield>
          <datafield ind1=" " ind2=" " tag="300">
            <subfield code="a">6 reels ;</subfield>
            <subfield code="c">35mm.</subfield>
          </datafield>
          <datafield ind1=" " ind2=" " tag="500">
            <subfield code="a">Color Composite Print.</subfield>
          </datafield>
          <datafield ind1=" " ind2=" " tag="506">
            <subfield code="a">Usage restricted.</subfield>
          </datafield>
          <datafield ind1="1" ind2=" " tag="700">
            <subfield code="a">Lynch, David</subfield>
            <subfield code="9">no_linkage</subfield>
          </datafield>
          <datafield ind1="8" ind2="1" tag="852">
            <subfield code="b">lsffsfilm</subfield>
            <subfield code="h">007506-1</subfield>
            <subfield code="p">1</subfield>
            <subfield code="x">39002143394550</subfield>
          </datafield>
          <datafield ind1="8" ind2="1" tag="852">
            <subfield code="b">lsffsfilm</subfield>
            <subfield code="h">007506-1</subfield>
            <subfield code="p">2</subfield>
            <subfield code="x">39002143394568</subfield>
          </datafield>
          <datafield ind1="8" ind2="1" tag="852">
            <subfield code="b">lsffsfilm</subfield>
            <subfield code="h">007506-1</subfield>
            <subfield code="p">3</subfield>
            <subfield code="x">39002143394576</subfield>
          </datafield>
          <datafield ind1="8" ind2="1" tag="852">
            <subfield code="b">lsffsfilm</subfield>
            <subfield code="h">007506-1</subfield>
            <subfield code="p">4</subfield>
            <subfield code="x">39002143394584</subfield>
          </datafield>
          <datafield ind1="8" ind2="1" tag="852">
            <subfield code="b">lsffsfilm</subfield>
            <subfield code="h">007506-1</subfield>
            <subfield code="p">5</subfield>
            <subfield code="x">39002143394592</subfield>
          </datafield>
          <datafield ind1="8" ind2="1" tag="852">
            <subfield code="b">lsffsfilm</subfield>
            <subfield code="h">007506-1</subfield>
            <subfield code="p">6</subfield>
            <subfield code="x">39002143394600</subfield>
          </datafield>
          <datafield ind1=" " ind2=" " tag="AVA">
            <subfield code="0">991010834659208651</subfield>
            <subfield code="8">221198989520008651</subfield>
            <subfield code="a">01YALE_INST</subfield>
            <subfield code="b">lsf</subfield>
            <subfield code="c">Remote (LSF) - Film Archive - Film</subfield>
            <subfield code="d">TEMP_470670_TAGR</subfield>
            <subfield code="e">available</subfield>
            <subfield code="f">6</subfield>
            <subfield code="g">0</subfield>
            <subfield code="v">from:1 until:6</subfield>
            <subfield code="j">lsffsfilm</subfield>
            <subfield code="k">8</subfield>
            <subfield code="p">1</subfield>
            <subfield code="q">Library Shelving Facility</subfield>
          </datafield>
        </record>
      </recordData>
      <recordIdentifier>991010834659208651</recordIdentifier>
      <recordPosition>1</recordPosition>
    </record>