
    <record>
      <recordSchema>marcxml</recordSchema>
      <recordPacking>xml</recordPacking>
      <recordData>
        <record xmlns="http://www.loc.gov/MARC21/slim">
          <leader>00403ngm a22001455a 4500</leader>
          <controlfield tag="001">991010834658308651</controlfield>
          <controlfield tag="008">251007s1966    xx |          000 m|und d</controlfield>
          <datafield ind1=" " ind2=" " tag="099">
            <subfield code="a">007698-1</subfield>
          </datafield>
          <datafield ind1="0" ind2="0" tag="245">
            <subfield code="a">Hold Me While I'm Naked</subfield>
            <subfield code="h">[motion picture].</subfield>
          </datafield>
          <datafield ind1=" " ind2="3" tag="264">
            <subfield code="c">1966.</subfield>
          </datafield>
          <datafield ind1=" " ind2=" " tag="300">
            <subfield code="a">1 reel ;</subfield>
            <subfield code="c">16mm.</subfield>
          </datafield>
          <datafield ind1=" " ind2=" " tag="500">
            <subfield code="a">Color Composite Print.</subfield>
          </datafield>
          <datafield ind1=" " ind2=" " tag="506">
            <subfield code="a">Usage restricted.</subfield>
          </datafield>
          <datafield ind1="1" ind2=" " tag="700">
            <subfield code="a">Kuchar, George</subfield>
            <subfield code="9">no_linkage</subfield>
          </datafield>
          <datafield ind1="8" ind2="1" tag="852">
            <subfield code="b">lsffsfilm</subfield>
            <subfield code="h">007698-1</subfield>
            <subfield code="p">1</subfield>
            <subfield code="x">39002143395441</subfield>
          </datafield>
          <datafield ind1=" " ind2=" " tag="AVA">
            <subfield code="0">991010834658308651</subfield>
            <subfield code="8">221198989290008651</subfield>
            <subfield code="a">01YALE_INST</subfield>
            <subfield code="b">lsf</subfield>
            <subfield code="c">Remote (LSF) - Film Archive - Film</subfield>
            <subfield code="d">TEMP_784653_XAEG</subfield>
            <subfield code="e">available</subfield>
            <subfield code="f">1</subfield>
            <subfield code="g">0</subfield>
            <subfield code="v">from:1 until:1</subfield>
            <subfield code="j">lsffsfilm</subfield>
            <subfield code="k">8</subfield>
            <subfield code="p">1</subfield>
            <subfield code="q">Library Shelving Facility</subfield>
          </datafield>
        </record>
      </recordData>
      <recordIdentifier>991010834658308651</recordIdentifier>
      <recordPosition>10</recordPosition>
    </record>
  </records>
  <extraResponseData xmlns:xb="http://www.exlibris.com/repository/search/xmlbeans/">
    <xb:exact>true</xb:exact>
    <xb:responseDate>2025-10-21T10:09:55-0400</xb:responseDate>
  </extraResponseData>
</searchRetrieveResponse>